<record><leader>00000cas a22000007a 4500</leader><controlfield tag="001">10053133</controlfield><controlfield tag="008">831025c19259999pauwr ne      0   a0eng d</controlfield><datafield ind1=" " ind2=" " tag="010"><subfield code="a">sn 83004600 </subfield></datafield><datafield ind1=" " ind2=" " tag="040"><subfield code="a">NSD</subfield><subfield code="b">eng</subfield><subfield code="c">NSD</subfield><subfield code="d">NPH</subfield><subfield code="d">OCLCQ</subfield></datafield><datafield ind1=" " ind2=" " tag="012"><subfield code="m">1</subfield></datafield><datafield ind1="1" ind2=" " tag="022"><subfield code="a">0746-4592</subfield><subfield code="l">0746-4592</subfield><subfield code="2">1</subfield></datafield><datafield ind1="1" ind2=" " tag="029"><subfield code="a">AU@</subfield><subfield code="b">000045258911</subfield></datafield><datafield ind1=" " ind2=" " tag="032"><subfield code="a">685200</subfield><subfield code="b">USPS</subfield></datafield><datafield ind1=" " ind2=" " tag="037"><subfield code="b">Willow Grove Guide, 131 N. York Rd., Willow Grove, PA 19090</subfield></datafield><datafield ind1=" " ind2=" " tag="042"><subfield code="a">nsdp</subfield></datafield><datafield ind1=" " ind2="4" tag="222"><subfield code="a">The Willow Grove guide</subfield></datafield><datafield ind1="0" ind2="0" tag="245"><subfield code="a">Willow Grove guide.</subfield></datafield><datafield ind1=" " ind2=" " tag="260"><subfield code="a">Willow Grove, Pa. :</subfield><subfield code="b">Robinson Pub. Co.</subfield></datafield><datafield ind1=" " ind2=" " tag="300"><subfield code="a">v. :</subfield><subfield code="b">ill.</subfield></datafield><datafield ind1=" " ind2=" " tag="310"><subfield code="a">Weekly</subfield></datafield><datafield ind1="1" ind2=" " tag="362"><subfield code="a">Began in 1925.</subfield></datafield><datafield ind1=" " ind2=" " tag="500"><subfield code="a">Published in Fort Washington, Pa., &lt;1983&gt;.</subfield></datafield><datafield ind1=" " ind2=" " tag="588"><subfield code="a">Description based on: Vol. 2, no. 26 (Jan. 6, 1927).</subfield></datafield><datafield ind1=" " ind2=" " tag="752"><subfield code="a">United States</subfield><subfield code="b">Pennsylvania</subfield><subfield code="c">Montgomery</subfield><subfield code="d">Willow Grove.</subfield></datafield><datafield ind1=" " ind2=" " tag="752"><subfield code="a">United States</subfield><subfield code="b">Pennsylvania</subfield><subfield code="c">Montgomery</subfield><subfield code="d">Fort Washington.</subfield></datafield><datafield ind1=" " ind2=" " tag="936"><subfield code="a">Sept. 22, 1983</subfield></datafield></record>